2015 3383
566 329 783 370 INDEX
819 333 898 371 OF
928 335 1116 375 FJRST
1144 339 1339 380 LINES
1600 354 1704 408 239

187 444 299 480 Nunc
318 449 376 480 est
395 445 609 494 bibendum,
630 461 729 487 nunc
755 453 851 498 pede
870 453 985 490 libero
996 485 1600 505 ..........................
1656 470 1702 514 67

184 562 257 598 Odi
277 563 479 609 profanum
500 567 634 613 vulgus
653 573 690 604 et
709 582 816 607 arceo
827 603 1598 625 .................................
1637 600 1700 636 113

182 622 215 657 O
235 623 332 668 diva,
352 629 502 670 gratum
523 639 608 673 quae.
627 631 726 675 regis
748 631 907 667 Antium
919 664 1595 682 .............................
1655 649 1699 683 62

182 682 214 717 O
229 682 316 718 fons
338 685 541 721 Bandusiae
562 687 795 733 splendidior
813 692 912 727 vitro
922 723 1596 742 .............................
1635 718 1696 756 145

181 742 213 777 O
233 745 352 779 matre
372 745 529 790 pulchra
550 747 625 783 filia
645 749 836 794 pulchrior
847 780 1597 802 ................................
1655 779 1699 815 34

180 802 213 837 O
233 803 349 849 navis,
369 804 531 841 referent
550 807 588 842 in
607 819 709 844 mare
729 813 765 844 te
783 811 871 845 novi
898 842 1596 863 ..............................
1653 839 1698 873 29

179 862 212 897 O
232 873 335 909 saepe
353 875 500 900 mecum
520 870 672 912 tempus
692 868 727 903 in
749 869 927 907 ultimum
939 902 1595 922 ............................
1653 886 1697 933 83

179 922 211 957 O
232 923 374 969 Venus,
393 926 521 971 regina
540 927 652 962 Cnidi
672 929 869 976 Paphique
895 961 1594 981 ..............................
1654 957 1696 993 53

178 982 311 1018 Otium
330 983 436 1020 divos
455 990 564 1032 rogat
582 986 621 1022 in
640 989 787 1034 patenti
798 1020 1594 1041 ..................................
1632 1017 1692 1040 101

176 1103 317 1138 Parcus
336 1103 493 1140 deorum
513 1106 635 1142 cultor
654 1111 690 1143 et
710 1107 927 1156 infrequens
939 1141 1593 1160 ............................
1652 1126 1696 1159 60

175 1162 311 1197 Pastor
330 1175 414 1198 cum
435 1165 598 1201 traheret
617 1178 684 1213 per
702 1168 798 1204 freta
817 1171 975 1207 navibus
988 1201 1593 1219 ..........................
1651 1195 1691 1230 3ยน

174 1222 345 1258 Persicos
364 1224 437 1270 odi,
458 1237 562 1272 puer,
581 1232 786 1273 apparatus
795 1258 1593 1278 ..................................
1651 1245 1696 1289 69

174 1281 344 1318 Phoebus
362 1283 552 1321 volentem
570 1287 706 1332 proelia
725 1300 785 1324 me
803 1289 905 1336 loqui
918 1320 1592 1338 .............................
1628 1314 1667 1337 21
1679 1315 1691 1338 1

173 1341 379 1378 Pindarum
398 1344 569 1391 quisquis
589 1347 718 1383 studet
738 1349 905 1386 aemulari
916 1381 1594 1399 .............................
1632 1373 1696 1409 179

172 1401 381 1438 Poscimur.
435 1404 477 1439 Si
495 1406 587 1451 quid
605 1409 712 1443 vacui
731 1409 801 1444 sub
819 1411 951 1447 umbra
962 1440 1593 1459 ...........................
1651 1424 1694 1471 56

170 1523 267 1567 Quae
286 1534 374 1559 cura
392 1528 544 1569 patrum
563 1537 696 1572 quaeve
715 1529 925 1572 Quiritium
935 1561 1591 1578 ............................
1626 1542 1693 1577 208

168 1581 332 1625 Qualem
350 1584 567 1620 ministrum
586 1585 755 1623 fulminis
774 1589 904 1625 alitem
929 1621 1589 1638 ............................
1628 1602 1689 1650 185

167 1643 363 1690 Quantum
382 1643 497 1680 distet
515 1645 562 1680 ab
581 1647 720 1682 Inacho
745 1675 1591 1698 ....................................
1628 1664 1693 1709 156

167 1702 293 1745 Quem
311 1706 364 1749 tu,
387 1703 640 1752 Melpomene,
661 1708 778 1745 semel
788 1738 1588 1758 ..................................
1626 1721 1690 1769 183

166 1762 292 1805 Quem
310 1762 433 1798 virum
450 1769 515 1800 aut
533 1766 647 1802 heroa
664 1767 744 1812 lyra
761 1769 819 1805 vel
837 1772 912 1807 acri
935 1802 1587 1817 ............................
1646 1793 1690 1829 23

165 1822 271 1866 Quid
287 1822 488 1860 bellicosus
508 1826 698 1863 Cantaber
716 1833 753 1864 et
772 1830 932 1875 Scythes
954 1862 1586 1877 ...........................
1644 1854 1689 1887 9ฮฟ

165 1882 270 1926 Quid
288 1883 502 1920 dedicatum
521 1887 644 1931 poscit
664 1888 883 1935 Apollinem
902 1923 1584 1936 .............................
1644 1912 1687 1949 54

164 1942 268 1986 Quid
285 1943 365 1989 fles,
386 1945 544 1991 Asterie,
563 1958 676 1992 quem
695 1949 762 1984 tibi
781 1952 929 1988 candidi
959 1983 1585 1996 ...........................
1623 1972 1687 2007 134

162 2002 260 2046 Quis
279 2003 466 2040 desiderio
487 2006 537 2040 sit
556 2007 677 2052 pudor
695 2014 761 2045 aut
782 2013 918 2048 modus
929 2041 1583 2056 ............................
1641 2032 1684 2067 45

162 2062 259 2106 Quis
277 2063 400 2100 multa
416 2065 564 2110 gracilis
583 2071 620 2102 te
638 2080 731 2114 puer
750 2071 788 2106 in
808 2072 894 2107 rosa
905 2102 1583 2115 .............................
1644 2092 1657 2114 1
1670 2092 1681 2114 1

161 2182 334 2229 Septimi,
354 2185 481 2222 Gades
499 2187 646 2224 aditure
672 2201 820 2227 mecum
832 2219 1581 2234 ................................
1639 2198 1679 2233 81

160 2242 341 2279 Scriberis
361 2246 476 2282 Vario
495 2247 605 2284 fortis
626 2254 662 2286 et
682 2251 851 2287 hostium
878 2281 1579 2294 ..............................
1642 2270 1681 2304 13

159 2301 223 2336 Sic
241 2306 278 2337 te
296 2303 383 2339 diva
400 2309 537 2351 potens
557 2309 674 2354 Cypri
705 2338 1577 2351 .....................................
1659 2317 1681 2349 6

160 2361 328 2397 Solvitur
346 2366 441 2400 acris
460 2366 581 2403 hiems
607 2397 1574 2412 .........................................
1658 2387 1680 2419 9

159 2483 216 2518 Te
234 2485 348 2520 maris
367 2489 404 2521 et
424 2490 532 2522 terrae
553 2499 784 2534 numeroque
802 2489 963 2525 carentis
981 2501 1105 2526 arenae
1118 2520 1576 2529 ....................
1633 2493 1678 2538 48

158 2544 284 2580 Tune
303 2547 1576 2591 quaesieris,scirenefas...................................
1634 2564 1677 2587 22

158 2604 355 2648 Tyrrhena
375 2617 506 2652 regum
525 2609 737 2655 progenies,
758 2608 827 2644 tibi
850 2636 1575 2649 ...............................
1612 2622 1677 2657 170
